<?xml version='1.0' encoding='utf-8'?>
<record xmlns="http://www.loc.gov/MARC21/slim" xmlns:xsi="http://www.w3.org/2001/XMLSchema-instance" xsi:schemaLocation="http://www.loc.gov/MARC21/slim http://www.loc.gov/standards/marcxml/schema/MARC21slim.xsd">
  <leader>00000npca 22003371a 4500</leader>
  <controlfield tag="005">20150323100806.0</controlfield>
  <controlfield tag="007">kv m</controlfield>
  <controlfield tag="008">950210i19642004miu                 eng |</controlfield>
  <datafield tag="035" ind1=" " ind2=" ">
    <subfield code="a">(RLIN)MIUV93-A29</subfield>
  </datafield>
  <datafield tag="035" ind1=" " ind2=" ">
    <subfield code="a">(OCoLC)ocm78437180</subfield>
  </datafield>
  <datafield tag="040" ind1=" " ind2=" ">
    <subfield code="a">MiU-H</subfield>
    <subfield code="c">MiU-H</subfield>
    <subfield code="e">appm</subfield>
  </datafield>
  <datafield tag="110" ind1="2" ind2=" ">
    <subfield code="a">University of Michigan.</subfield>
    <subfield code="b">Center for Global and Intercultural Study.</subfield>
  </datafield>
  <datafield tag="245" ind1="1" ind2="0">
    <subfield code="a">Center for Global and Intercultural Study (University of Michigan) records,</subfield>
    <subfield code="f">1964-2004</subfield>
    <subfield code="g">bulk 1982-1996.</subfield>
  </datafield>
  <datafield tag="300" ind1=" " ind2=" ">
    <subfield code="a">22 linear feet.</subfield>
  </datafield>
  <datafield tag="351" ind1=" " ind2=" ">
    <subfield code="3">Records</subfield>
    <subfield code="a">Organized into five series: 1. Background. 2. Administrative Files. 3. Programs. 4. Correspondence. 5. Photographs.</subfield>
    <subfield code="a">Background, Administrative Files, Programs, Correspondence, and Photographs</subfield>
  </datafield>
  <datafield tag="545" ind1="1" ind2=" ">
    <subfield code="a">A unit of the University of Michigan College of Literature, Science and the Arts. Office that administered foreign travel and study programs the University of Michigan; records document administration of program, content of curriculum and student experience.</subfield>
  </datafield>
  <datafield tag="545" ind1="1" ind2=" ">
    <subfield code="b">In the 1960s, the University of Michigan College of Literature, Science and the Arts established and administered student overseas travel and study programs. In the early 1970s, the college centralized administration of the programs in the Center for Western European Studies (CWES). By that time the programs included a joint program with Sarah Lawrence University in London, and the University of Michigan-University of Wisconsin Academic Year Program in Italy. In 1983, CWES was reorganized and given</subfield>
  </datafield>
  <datafield tag="545" ind1="1" ind2=" ">
    <subfield code="b">control over all international study programs. CWES established an executive committee as the agent to oversee operations, and four other committees to handle various tasks. The committees included: Foreign Study, International Exchange and Fellowships, On-campus Programs, and Colloquia and Conferences. By 1989, the Office of International Programs (OIP) had replaced the Center for Western European Studies as the overseeing agency.</subfield>
  </datafield>
  <datafield tag="545" ind1="1" ind2=" ">
    <subfield code="b">The OIP was later replaced by the Center for Global and Intercultural Study (CGIS), which was founded in July 2009 to provide a wide variety of global engagement and learning opportunities to the University of Michigan Community.</subfield>
  </datafield>
  <datafield tag="520" ind1="2" ind2=" ">
    <subfield code="a">The record group is divided in to five series: Background, Administrative Files, Programs, Correspondence, Executive Committee Meeting Minutes, and Photographs. The Background series provides a brief introduction to CWES activities. Administrative Files includes minutes of executive committee and other office committees, reports, and various administrative documents.</subfield>
  </datafield>
  <datafield tag="520" ind1="2" ind2=" ">
    <subfield code="a">Programs is an alphabetical arrangement of files on the programs administered by CWES. The programs in Florence, Paris, Aix-en-Provence, London, and Freiburg comprise the bulk of this series. Correspondence concerns the internal working of the programs.</subfield>
  </datafield>
  <datafield tag="520" ind1="2" ind2=" ">
    <subfield code="a">19 black and white interior photographs of the Villa Boscobello, used as the residence in Florence for the University of Michigan-University of Wisconsin Academic Year Program in Italy; also black and white photographs of a student gathering in Aix-en-Provence.</subfield>
  </datafield>
  <datafield tag="555" ind1="0" ind2=" ">
    <subfield code="a">Finding aid in the library.</subfield>
  </datafield>
  <datafield tag="555" ind1="0" ind2=" ">
    <subfield code="a">Finding aid available via World Wide Web at URL: http://quod.lib.umich.edu/cgi/f/findaid/findaid-idx?c=bhlead&amp;idno=umich-bhl-93819</subfield>
  </datafield>
  <datafield tag="500" ind1=" " ind2=" ">
    <subfield code="a">Donor: 8099</subfield>
  </datafield>
  <datafield tag="650" ind1=" " ind2="7">
    <subfield code="a">Dwellings</subfield>
    <subfield code="z">Italy</subfield>
    <subfield code="z">Florence.</subfield>
    <subfield code="2">lctgm</subfield>
  </datafield>
  <datafield tag="650" ind1=" " ind2="0">
    <subfield code="a">Foreign study</subfield>
    <subfield code="z">Europe.</subfield>
  </datafield>
  <datafield tag="650" ind1=" " ind2="0">
    <subfield code="a">Foreign study</subfield>
    <subfield code="z">Israel.</subfield>
  </datafield>
  <datafield tag="650" ind1=" " ind2="0">
    <subfield code="a">Student housing</subfield>
    <subfield code="z">Italy</subfield>
    <subfield code="z">Florence.</subfield>
  </datafield>
  <datafield tag="650" ind1=" " ind2="0">
    <subfield code="a">Students</subfield>
    <subfield code="x">Recreation</subfield>
    <subfield code="z">France</subfield>
    <subfield code="z">Aix-en-Provence.</subfield>
  </datafield>
  <datafield tag="610" ind1="2" ind2="0">
    <subfield code="a">University of Michigan.</subfield>
    <subfield code="b">Center for Global and Intercultural Study.</subfield>
  </datafield>
  <datafield tag="610" ind1="2" ind2="0">
    <subfield code="a">University of Michigan.</subfield>
    <subfield code="b">Office of International Programs.</subfield>
  </datafield>
  <datafield tag="655" ind1=" " ind2="7">
    <subfield code="a">Photographs.</subfield>
    <subfield code="2">aat</subfield>
  </datafield>
  <datafield tag="710" ind1="2" ind2=" ">
    <subfield code="a">University of Michigan.</subfield>
    <subfield code="b">Center for Global and Intercultural Study.</subfield>
  </datafield>
  <datafield tag="710" ind1="2" ind2=" ">
    <subfield code="a">University of Michigan.</subfield>
    <subfield code="b">Office of International Programs.</subfield>
  </datafield>
  <datafield tag="852" ind1=" " ind2=" ">
    <subfield code="a">Bentley Historical Library,</subfield>
    <subfield code="b">University of Michigan,</subfield>
    <subfield code="e">Ann Arbor, Michigan 48109-2113</subfield>
  </datafield>
  <datafield tag="856" ind1="4" ind2="2">
    <subfield code="3">Finding aid:</subfield>
    <subfield code="u">http://quod.lib.umich.edu/cgi/f/findaid/findaid-idx?c=bhlead&amp;idno=umich-bhl-93819</subfield>
  </datafield>
  <datafield tag="997" ind1=" " ind2=" ">
    <subfield code="a">MARS</subfield>
  </datafield>
  <datafield tag="998" ind1=" " ind2=" ">
    <subfield code="s">9554</subfield>
  </datafield>
</record>
